@book{Hat001,
	title={The Mathematics of Coordinated Inference: A Study of Generalized Hat Problems},
	author={Hardin, Christopher S  and Taylor, Alan D},
	year={2013},
	month={10},
	day={28},
	publisher={Springer},
	url={https://www.springer.com/gp/book/9783319013329},
	amazon_url={https://www.amazon.co.jp/Mathematics-Coordinated-Inference-Generalized-Developments/dp/3319013327},
	note={帽子パズルをテーマにした数学書。著者は数理論理学・集合論研究者の2人。有限なパズルについても扱っているがメインは無限な帽子パズル。{\ \\}\url{https://www.springer.com/gp/book/9783319013329}{\ \\}\href{https://www.amazon.co.jp/Mathematics-Coordinated-Inference-Generalized-Developments/dp/3319013327}{AmazonのURL}}
}

@article{Hat002,
	title={CHOICE AND THE HAT GAME (Infinitary combinatorics in set theory and its applications)},
	author={Geschke, Stefan and Lubarsky, Robert and Rahn, Mona},
	year={2015},
	month={5},
	publisher={京都大学数理解析研究所},
	journal={数理解析研究所講究録},
	volume={1949},
	page={34-44},
	url={http://hdl.handle.net/2433/223926},
	note={集合論研究者2人と（おそらく）コンピュータサイエンス研究者による帽子パズルがテーマの論文。{\ \\}\url{http://hdl.handle.net/2433/223926}}
}

@misc{Hat003,
	title={Why Mathematicians Now Care About Their Hat Color},
	author={Robinson, Sara},
	year={2001},
	month={4},
	day={10},
	journal={New York Times},
	url={https://www.nytimes.com/2001/04/10/science/why-mathematicians-now-care-about-their-hat-color.html},
	note={帽子パズルをテーマにした新聞記事。{\ \\}\url{https://www.nytimes.com/2001/04/10/science/why-mathematicians-now-care-about-their-hat-color.html}}
}

@misc{Hat004,
	title={An introduction to infinite hat problems},
	author={Hardin, Christopher S  and Taylor, Alan D},
	year={2008},
	month={9},
	day={1},
	journal={The Mathematical Intelligencer},
	volume={30},
	page={20-25},
	url={https://www.cs.umd.edu/~gasarch/TOPICS/hats/infinite-hats-and-ac.pdf},
	note={\cite{Hat001}の著者たちによる無限な帽子パズルに関する入門記事。掲載されている定理や証明は全て\cite{Hat001}から同じように引用されている。しかし\cite{Hat001}には含まれていない情報もあるので帽子パズルマニアは読む価値はある。{\ \\}\url{https://www.cs.umd.edu/~gasarch/TOPICS/hats/infinite-hats-and-ac.pdf}}
}

@article{Hat005,
	title={Minimal predictors in hat problems},
	author={Hardin, Christopher S  and Taylor, Alan D},
	year={2010},
	month={2},
	day={12},
	journal={Fundamenta Mathematicae},
	volume={208},
	page={273-285}
}

@article{Hat006,
	title={Strategic equivalence among hat puzzles of various protocols with many colors},
	author={Kada, Masaru and Shizuma, Souji},
	year={2020},
	month={9},
	day={15},
	journal={Mathematical Logic Quarterly},
	volume={66},
	number={3},
	page={295-299},
	url={https://onlinelibrary.wiley.com/doi/abs/10.1002/malq.201900069},
	note={\url{https://onlinelibrary.wiley.com/doi/abs/10.1002/malq.201900069}}
}

@article{Hat007,
	title={Strategic equivalence among hat puzzles of various protocols with many colors},
	author={Masaru Kada and Souji Shizuma},
	year={2019},
	url={https://arxiv.org/abs/1911.03114},
	note={\url{https://arxiv.org/abs/1911.03114}}
}

@article{Hat008,
	title={Some remarks on infinite hat guessing games (Recent Developments in Axiomatic Set Theory)},
	author={Masaru Kada and Souji Shizuma},
	year={2016},
	month={4},
	publisher={京都大学数理解析研究所},
	journal={数理解析研究所講究録},
	volume={1988},
	page={43-54},
	url={https://repository.kulib.kyoto-u.ac.jp/dspace/handle/2433/224549},
	note={\url{https://repository.kulib.kyoto-u.ac.jp/dspace/handle/2433/224549}}
}

@misc{Hat009,
	title={Can you solve the prisoner hat riddle? - Alex Gendler},
	author={Gendler, Alex},
	year={2015},
	month={10},
	day={6},
	url={https://www.youtube.com/watch?v=N5vJSNXPEwA&t=58s},
	note={\url{https://www.youtube.com/watch?v=N5vJSNXPEwA&t=58s}}
}

@misc{Hat010,
	title={Prisoner Hat PUZZLE || 10 Prisoners || RED \& BLUE Hats},
	year={2017},
	month={1},
	day={11},
	url={https://www.youtube.com/watch?v=RtidKw-qDxY},
	note={\url{https://www.youtube.com/watch?v=RtidKw-qDxY}}
}

@book{Puzzle001,
	title={The 2nd Scientific American Book of Mathematical Puzzles \& Diversions},
	author={Gardner, Martin},
	year={1961},
	month={5},
	day={31},
	publisher={Simon \& Schuster},
	amazon_url={https://www.amazon.co.jp/Scientific-American-Mathematical-Puzzles-Diversions/dp/0671245597},
	note={数学者・パズル作家であるマーティン・ガードナーのパズル本。帽子パズルが初登場したのもこの文献という説がある。{\ \\}\href{https://www.amazon.co.jp/Scientific-American-Mathematical-Puzzles-Diversions/dp/0671245597}{AmazonのURL}}
}

@misc{Puzzle002,
	title={The 2nd Scientific American Book of Mathematical Puzzles \& Diversions},
	author={Gardner, Martin},
	url={https://bobson.ludost.net/copycrime/mgardner/gardner02.pdf},
	note={\cite{Puzzle002}の海賊版？書いたURLから入手可能。{\ \\}\url{https://bobson.ludost.net/copycrime/mgardner/gardner02.pdf}}
}

@book{Puzzle003,
	title={チューリングと超パズル: 解ける問題と解けない問題},
	author={田中 一之},
	year={2013},
	month={11},
	day={30},
	publisher={東京大学出版会},
	url={http://www.utp.or.jp/book/b306613.html},
	amazon_url={https://www.amazon.co.jp/%E3%83%81%E3%83%A5%E3%83%BC%E3%83%AA%E3%83%B3%E3%82%B0%E3%81%A8%E8%B6%85%E3%83%91%E3%82%BA%E3%83%AB-%E8%A7%A3%E3%81%91%E3%82%8B%E5%95%8F%E9%A1%8C%E3%81%A8%E8%A7%A3%E3%81%91%E3%81%AA%E3%81%84%E5%95%8F%E9%A1%8C-%E7%94%B0%E4%B8%AD-%E4%B8%80%E4%B9%8B/dp/4130639013},
	note={\url{http://www.utp.or.jp/book/b306613.html}{\ \\}\href{https://www.amazon.co.jp/%E3%83%81%E3%83%A5%E3%83%BC%E3%83%AA%E3%83%B3%E3%82%B0%E3%81%A8%E8%B6%85%E3%83%91%E3%82%BA%E3%83%AB-%E8%A7%A3%E3%81%91%E3%82%8B%E5%95%8F%E9%A1%8C%E3%81%A8%E8%A7%A3%E3%81%91%E3%81%AA%E3%81%84%E5%95%8F%E9%A1%8C-%E7%94%B0%E4%B8%AD-%E4%B8%80%E4%B9%8B/dp/4130639013}{AmazonのURL}}
}

@book{Puzzle004,
	title={ガードナーの数学娯楽 (完全版 マーティン・ガードナー数学ゲーム全集2)},
	author={Gardner, Martin},
	translator={宏和, 岩沢 and 隆平, 上原},
	year={2015},
	month={4},
	day={25},
	publisher={日本評論社},
	url={https://www.nippyo.co.jp/shop/book/6820.html},
	amazon_url={https://www.amazon.co.jp/%E3%82%AC%E3%83%BC%E3%83%89%E3%83%8A%E3%83%BC%E3%81%AE%E6%95%B0%E5%AD%A6%E5%A8%AF%E6%A5%BD-%E5%AE%8C%E5%85%A8%E7%89%88-%E3%83%9E%E3%83%BC%E3%83%86%E3%82%A3%E3%83%B3%E3%83%BB%E3%82%AC%E3%83%BC%E3%83%89%E3%83%8A%E3%83%BC%E6%95%B0%E5%AD%A6%E3%82%B2%E3%83%BC%E3%83%A0%E5%85%A8%E9%9B%862-%E3%83%9E%E3%83%BC%E3%83%86%E3%82%A3%E3%83%B3%E3%83%BB%E3%82%AC%E3%83%BC%E3%83%89%E3%83%8A%E3%83%BC/dp/4535604223},
	note={\cite{Puzzle001}の和訳。{\ \\}\url{https://www.nippyo.co.jp/shop/book/6820.html}{\ \\}\href{https://www.amazon.co.jp/%E3%82%AC%E3%83%BC%E3%83%89%E3%83%8A%E3%83%BC%E3%81%AE%E6%95%B0%E5%AD%A6%E5%A8%AF%E6%A5%BD-%E5%AE%8C%E5%85%A8%E7%89%88-%E3%83%9E%E3%83%BC%E3%83%86%E3%82%A3%E3%83%B3%E3%83%BB%E3%82%AC%E3%83%BC%E3%83%89%E3%83%8A%E3%83%BC%E6%95%B0%E5%AD%A6%E3%82%B2%E3%83%BC%E3%83%A0%E5%85%A8%E9%9B%862-%E3%83%9E%E3%83%BC%E3%83%86%E3%82%A3%E3%83%B3%E3%83%BB%E3%82%AC%E3%83%BC%E3%83%89%E3%83%8A%E3%83%BC/dp/4535604223}{AmazonのURL}}
}

@book{Logic001,
	title={A Mathematical Introduction to Logic, Second Edition},
	author={Enderton, Herbert},
	year={2000},
	month={12},
	day={22},
	publisher={Academic Press},
	url={https://www.elsevier.com/books/a-mathematical-introduction-to-logic/enderton/978-0-08-049646-7},
	amazon_url={https://www.amazon.co.jp/dp/0122384520/},
	note={\url{https://www.elsevier.com/books/a-mathematical-introduction-to-logic/enderton/978-0-08-049646-7}{\ \\}\href{https://www.amazon.co.jp/dp/0122384520/}{AmazonのURL}}
}

@book{Logic002,
	title={論理学への数学的手引き},
	author={Enderton, Herbert},
	translator={嘉田 勝},
	year={2020},
	month={11},
	day={12},
	publisher={1月と7月},
	amazon_url={https://www.amazon.co.jp/dp/4907259166/},
	note={\cite{Logic001}の和訳{\ \\}\href{https://www.amazon.co.jp/dp/4907259166/}{AmazonのURL}}
}

@book{Basic001,
	title={論理と集合から始める数学の基礎},
	author={勝, 嘉田},
	year={2008},
	month={12},
	day={1},
	publisher={日本評論社},
	url={https://www.nippyo.co.jp/shop/book/4116.html},
	amazon_url={https://www.amazon.co.jp/%E8%AB%96%E7%90%86%E3%81%A8%E9%9B%86%E5%90%88%E3%81%8B%E3%82%89%E5%A7%8B%E3%82%81%E3%82%8B%E6%95%B0%E5%AD%A6%E3%81%AE%E5%9F%BA%E7%A4%8E-%E5%98%89%E7%94%B0-%E5%8B%9D/dp/4535784728},
	note={\url{https://www.nippyo.co.jp/shop/book/4116.html}{\ \\}\href{https://www.amazon.co.jp/%E8%AB%96%E7%90%86%E3%81%A8%E9%9B%86%E5%90%88%E3%81%8B%E3%82%89%E5%A7%8B%E3%82%81%E3%82%8B%E6%95%B0%E5%AD%A6%E3%81%AE%E5%9F%BA%E7%A4%8E-%E5%98%89%E7%94%B0-%E5%8B%9D/dp/4535784728}{AmazonのURL}}
}

@book{Basic002,
	title={数学ビギナーズマニュアル 第2版},
	author={佐藤 文広},
	year={2014},
	month={2},
	day={20},
	publisher={日本評論社},
	url={https://www.nippyo.co.jp/shop/book/6447.html},
	amazon_url={https://www.amazon.co.jp/dp/4535787557/},
	note={\url{https://www.nippyo.co.jp/shop/book/6447.html}{\ \\}\href{https://www.amazon.co.jp/dp/4535787557/}{AmazonのURL}}
}

@misc{Wiki001,
	title={Wikipedia『高々 (数学)』},
	year={2020},
	month={4},
	day={25},
	url={https://ja.wikipedia.org/wiki/%E9%AB%98%E3%80%85_(%E6%95%B0%E5%AD%A6)},
	note={\url{https://ja.wikipedia.org/wiki/%E9%AB%98%E3%80%85_(%E6%95%B0%E5%AD%A6)}}
}

@misc{Wiki002,
	title={Wikipedia『順序対』},
	year={2019},
	month={5},
	day={31},
	url={https://ja.wikipedia.org/wiki/%E9%A0%86%E5%BA%8F%E5%AF%BE},
	note={\url{https://ja.wikipedia.org/wiki/%E9%A0%86%E5%BA%8F%E5%AF%BE}}
}

